
@article{Friedberg1958ALM,
  title={A Learning Machine: Part I},
  author={R. M. Friedberg},
  journal={IBM J. Res. Dev.},
  year={1958},
  volume={2},
  pages={2-13}
}

@article{Friedberg1959ALM,
  title={A Learning Machine: Part II},
  author={R. M. Friedberg and B. Dunham and J. H. North},
  journal={IBM J. Res. Dev.},
  year={1959},
  volume={3},
  pages={282-287}
}

@article{comparison,
author = {Hansen, Nikolaus and Auger, Anne and Ros, Raymond and Finck, Steffen and Pošík, Petr},
year = {2010},
month = {07},
pages = {1689-1696},
title = {Comparing Results of 31 Algorithms from the Black-Box Optimization Benchmarking BBOB-2009},
journal = {Proceedings of the 12th Annual Genetic and Evolutionary Computation Conference, GECCO '10 - Companion Publication},
doi = {10.1145/1830761.1830790}
}

@article{DE,
author = {Storn, Rainer and Price, Kenneth},
year = {1997},
month = {01},
pages = {341-359},
title = {Differential Evolution - A Simple and Efficient Heuristic for Global Optimization over Continuous Spaces},
volume = {11},
journal = {Journal of Global Optimization},
doi = {10.1023/A:1008202821328}
}

@inbook{inbook,
author = {De Jong, Kenneth and Fogel, David and Schwefel, Hans-Paul},
year = {1997},
month = {01},
pages = {A2.3:1-12},
title = {A history of evolutionary computation},
journal = {Handbook of Evolutionary Computation, IOP Publishing Ltd}
}

@book{Darwin,
author = {Darwin Charles},
year = {1859},
title = {On the Origin of Species by Means of Natural Selection},
publisher = {Murray},
address   = {London}
}

@book{Spencer,
author = {Spencer Herbert},
year = {1864},
title = {The Principles of Biology},
publisher = {William and Norgate},
address   = {London}
}



@book{IntoEA,
author = {Eiben, A. E. and Smith, James E.},
title = {Introduction to Evolutionary Computing},
year = {2015},
isbn = {3662448734},
publisher = {Springer Publishing Company, Incorporated},
edition = {2nd},
}


@misc{wong2015evolutionary,
      title={Evolutionary Algorithms: Concepts, Designs, and Applications in Bioinformatics: Evolutionary Algorithms for Bioinformatics}, 
      author={Ka-Chun Wong},
      year={2015},
      eprint={1508.00468},
      archivePrefix={arXiv},
      primaryClass={cs.NE}
}

@book {Luke2009,
    author = { Sean Luke },
    title = { Essentials of Metaheuristics },
    year = { 2009 },
    url = { http://cs.gmu.edu/~sean/book/metaheuristics/ },
}


@article{crossoverpic,
    author = {Ferreira, Marco and Bagarić, J. and Lanza-Gutierrez, Jose and Mendes, Sílvio and Pereira, João and Gomez-Pulido, Juan A.},
    year = {2015},
    month = {04},
    pages = {1-12},
    title = {On the Use of Perfect Sequences and Genetic Algorithms for Estimating the Indoor Location of Wireless Sensors},
    volume = {2015},
    journal = {International Journal of Distributed Sensor Networks},
    doi = {10.1155/2015/720574}
}

@mics {mutationpic,
    author = { Kendall Park },
    title = { 0-1 Knapsack Approximation with Genetic Algorithms },
    year = { 2014 },
    url = { https://github.com/KendallPark/genetic-algorithm },
}


@article{FOS,
author = {Bosman, Peter A.N. and Thierens, Dirk},
title = {More Concise and Robust Linkage Learning by Filtering and Combining Linkage Hierarchies},
year = {2013},
isbn = {9781450319638},
publisher = {Association for Computing Machinery},
address = {New York, NY, USA},
url = {https://doi.org/10.1145/2463372.2463420},
doi = {10.1145/2463372.2463420},
booktitle = {Proceedings of the 15th Annual Conference on Genetic and Evolutionary Computation},
pages = {359–366},
numpages = {8},
keywords = {genetic algorithms, linkage learning, estimation-of-distribution algorithms, optimal mixing},
location = {Amsterdam, The Netherlands},
series = {GECCO '13}
}


@book{LT,
author="Thierens, Dirk",
editor="Schaefer, Robert and Cotta, Carlos
and Kolodziej, Joanna
and Rudolph, Gunter",
title="The Linkage Tree Genetic Algorithm",
booktitle="Parallel Problem Solving from Nature, PPSN XI",
year="2010",
publisher="Springer Berlin Heidelberg",
address="Berlin, Heidelberg",
pages="264--273",
isbn="978-3-642-15844-5"
}


@article{LTpic,
  title={Linkage tree genetic algorithms: variants and analysis},
  author={Brian W. Goldman and D. Tauritz},
  booktitle={GECCO '12},
  year={2012}
}


@article{MP,
author = {Bouter, Anton and Alderliesten, Tanja and Witteveen, Cees and Bosman, Peter A. N.},
title = {Exploiting Linkage Information in Real-Valued Optimization with the Real-Valued Gene-Pool Optimal Mixing Evolutionary Algorithm},
year = {2017},
isbn = {9781450349208},
publisher = {Association for Computing Machinery},
address = {New York, NY, USA},
url = {https://doi.org/10.1145/3071178.3071272},
doi = {10.1145/3071178.3071272},
booktitle = {Proceedings of the Genetic and Evolutionary Computation Conference},
pages = {705–712},
numpages = {8},
keywords = {real-valued optimization, black-box optimization, gray-box optimization, scalability, GOMEA, linkage learning},
location = {Berlin, Germany},
series = {GECCO '17}
}



@article{LINC,
  author={M. {Munetomo} and D. E. {Goldberg}},
  booktitle={IEEE SMC'99 Conference Proceedings. 1999 IEEE International Conference on Systems, Man, and Cybernetics (Cat. No.99CH37028)}, 
  title={A genetic algorithm using linkage identification by nonlinearity check}, 
  year={1999},
  volume={1},
  number={},
  pages={595-600 vol.1},
  doi={10.1109/ICSMC.1999.814159}}

@article{LIMD,
author = {Munetomo, Masaharu and Goldberg, David},
year = {1999},
month = {02},
pages = {377-98},
title = {Linkage Identification by Non-monotonicity Detection for Overlapping Functions},
volume = {7},
journal = {Evolutionary computation},
doi = {10.1162/evco.1999.7.4.377}
}



@article{MAIN,
author={C. {Olieman} and A. {Bouter} and P. A. N. {Bosman}},
journal={IEEE Transactions on Evolutionary Computation},
title={Fitness-Based Linkage Learning in the Real-Valued Gene-Pool Optimal
Mixing Evolutionary Algorithm},
year={2021},
volume={25},
number={2},
pages={358-370},
doi={10.1109/TEVC.2020.3039698}}



@article{MIC,
author = {Reshef, David and Reshef, Yakir and Finucane, Hilary and Grossman, Sharon and McVean, Gilean and Turnbaugh, Peter and Lander, Eric and Mitzenmacher, Michael and Sabeti, Pardis},
year = {2011},
month = {12},
pages = {1518-24},
title = {Detecting Novel Associations in Large Data Sets},
volume = {334},
journal = {Science (New York, N.Y.)},
doi = {10.1126/science.1205438}
}

@article{MIC2,
  author  = {Yakir A. Reshef and David N. Reshef and Hilary K. Finucane and Pardis C.
  Sabeti and Michael Mitzenmacher},
  title   = {Measuring Dependence Powerfully and Equitably},
  journal = {Journal of Machine Learning Research},
  year    = {2016},
  volume  = {17},
  number  = {211},
  pages   = {1-63},
  url     = {http://jmlr.org/papers/v17/15-308.html}
}




@article{MI,
    author = {Steuer, R. and Kurths, J. and Daub, C. O. and Weise, J. and Selbig, J.},
    title = "{The mutual information: Detecting and evaluating dependencies between variables}",
    journal = {Bioinformatics},
    volume = {18}
    number = {suppl_2}
    pages = {S231-S240}
    year = {2002}
    month = {10}
    issn = {1367-4803}
    doi = {10.1093/bioinformatics/18.suppl_2.S231}
    url = {https://doi.org/10.1093/bioinformatics/18.suppl\_2.S231}
    eprint = {https://academic.oup.com/bioinformatics/article-pdf/18/suppl\_2/S231/471547/18S231.pdf}
    
}


@misc{TIC,
      title={Measuring dependence powerfully and equitably}, 
      author={Yakir A. Reshef and David N. Reshef and Hilary K. Finucane and Pardis C. Sabeti and Michael M. Mitzenmacher},
      year={2016},
      eprint={1505.02213},
      archivePrefix={arXiv},
      primaryClass={stat.ME}
}


@misc{GMIC,
      title={The Generalized Mean Information Coefficient}, 
      author={Alexander Luedtke and Linh Tran},
      year={2013},
      eprint={1308.5712},
      archivePrefix={arXiv},
      primaryClass={stat.ML}
}

@article{MICE,
    author = {Albanese, Davide and Riccadonna, Samantha and Donati, Claudio and Franceschi, Pietro},
    title = "{A practical tool for maximal information coefficient analysis}",
    journal = {GigaScience},
    volume = {7},
    number = {4},
    year = {2018},
    month = {04},
    issn = {2047-217X},
    doi = {10.1093/gigascience/giy032},
    url = {https://doi.org/10.1093/gigascience/giy032},
    note = {giy032},
    eprint = {https://academic.oup.com/gigascience/article-pdf/7/4/giy032/24620151/giy032.pdf},
}


@misc{MINEPY,
  author = {Albanese, Davide and Riccadonna, Samantha and Donati, Claudio and Franceschi, Pietro},
  title        = {minerva and minepy: a C engine for the MINE suite and its R,
  Python and MATLAB wrappers},
  howpublished = {Bioinformatics},
  year         = {2012},
  volume       = {29},
  number       = {3},
  pages        = {407-408},
  doi          = {10.1093/bioinformatics/bts707}
}



@techreport{CMAES1,
  TITLE = {{BBOB 2009: Comparison Tables of All Algorithms on All Noiseless Functions}},
  AUTHOR = {Auger, Anne and Finck, Steffen and Hansen, Nikolaus and Ros, Raymond},
  URL = {https://hal.inria.fr/inria-00471251},
  TYPE = {Technical Report},
  NUMBER = {RT-0383},
  INSTITUTION = {{INRIA}},
  YEAR = {2010},
  MONTH = Apr,
  PDF = {https://hal.inria.fr/inria-00471251v2/file/RT-0383.pdf},
  HAL_ID = {inria-00471251},
  HAL_VERSION = {v2},
}
  

@techreport{CMAES2,
  TITLE = {{PSO Facing Non-Separable and Ill-Conditioned Problems}},
  AUTHOR = {Hansen, Nikolaus and Ros, Raymond and Mauny, Nikolas and Schoenauer, Marc and Auger, Anne},
  URL = {https://hal.inria.fr/inria-00250078},
  TYPE = {Research Report},
  NUMBER = {RR-6447},
  INSTITUTION = {{INRIA}},
  YEAR = {2008},
  KEYWORDS = {Particle Swarm Optimization ; performance assessment ; ill-conditioned problems ; non-separable problems ; invariance},
  PDF = {https://hal.inria.fr/inria-00250078v2/file/RR-6447.pdf},
  HAL_ID = {inria-00250078},
  HAL_VERSION = {v2},
}

@article{CMAES3,
author = {Hansen, Nikolaus},
year = {2007},
month = {06},
pages = {75-102},
title = {The CMA Evolution Strategy: A Comparing Review},
volume = {192},
isbn = {978-3-540-29006-3},
journal = {Towards a new evolutionary computation. Studies in Fuzziness and Soft Computing},
doi = {10.1007/3-540-32494-1\_4}

}


@misc{CMAESIMPLEMENTATION,
  author       = {Hansen, Nikolaus},
  title        = {CMA-ES written in ANSI C (yet fairly object-oriented)},
  publisher = {GitHub},
  journal = {GitHub repository},
  howpublished = {\url{https://github.com/CMA-ES/c-cmaes}},
  year         = {2014}
}


@article{FMIN,
  title={A Simplex Method for Function Minimization},
  author={J. Nelder and R. Mead},
  journal={Comput. J.},
  year={1965},
  volume={7},
  pages={308-313}
}
  
  
  
@ARTICLE{SCIPY,
  author  = {Virtanen, Pauli and Gommers, Ralf and Oliphant, Travis E. and
            Haberland, Matt and Reddy, Tyler and Cournapeau, David and
            Burovski, Evgeni and Peterson, Pearu and Weckesser, Warren and
            Bright, Jonathan and {van der Walt}, St{\'e}fan J. and
            Brett, Matthew and Wilson, Joshua and Millman, K. Jarrod and
            Mayorov, Nikolay and Nelson, Andrew R. J. and Jones, Eric and
            Kern, Robert and Larson, Eric and Carey, C J and
            Polat, {\.I}lhan and Feng, Yu and Moore, Eric W. and
            {VanderPlas}, Jake and Laxalde, Denis and Perktold, Josef and
            Cimrman, Robert and Henriksen, Ian and Quintero, E. A. and
            Harris, Charles R. and Archibald, Anne M. and
            Ribeiro, Ant{\^o}nio H. and Pedregosa, Fabian and
            {van Mulbregt}, Paul and {SciPy 1.0 Contributors}},
  title   = {{{SciPy} 1.0: Fundamental Algorithms for Scientific
            Computing in Python}},
  journal = {Nature Methods},
  year    = {2020},
  volume  = {17},
  pages   = {261--272},
  adsurl  = {https://rdcu.be/b08Wh},
  doi     = {10.1038/s41592-019-0686-2},
}


@article{HARDROSENBROCK,
author = {Picheny, Victor and Wagner, Tobias and Ginsbourger, David},
year = {2013},
month = {09},
pages = {},
title = {A benchmark of kriging-based infill criteria for noisy optimization},
volume = {48},
journal = {Structural and Multidisciplinary Optimization},
doi = {10.1007/s00158-013-0919-4}
}


@article{ROSENBROCK,
author = {Rosenbrock, H.H.},
year = {1960},
month = {01},
pages = {175-184},
title = {An Automatic Method for Finding the Greatest or Least Value of a Function},
volume = {3},
journal = {The Computer Journal},
doi = {10.1093/comjnl/3.3.175}
}

@article{RASTRIGIN,
author = {Rastrigin, L.A.},
year = {1974},
title = {Systems of Extreme Control},
journal = {Nauka},
}


@masterthesis{RASTRIGIN2,
  author  = {Rudolph, G.},
  title = {Globale Optimierung mit parallelen Evolutionsstrategien},
  month   = {7},
  school  = {Department of Computer Science, University of Dortmund},
  year    = {1990}
}


@phdthesis{DEJONG,
  author      = {De Jong, Kenneth Alan},
  title       = {Analysis of the behavior of a class of genetic adaptive systems},
  school      = {The University of Michigan},
  year        = {1975}
}

@misc{LEVY,
  author       = {Hartmut Pohlheim},
  title        = {GEATbx: Genetic and Evolutionary Algorithm Toolbox for use with MATLAB},
  url          = {http://www.geatbx.com/ea_matlab.html},
  year         = {1997}
  month        = {7}
  Version      = {1.91}
}

